@book{spong2005robot,
  title={Robot Modeling and Control},
  author={Spong, M.W. and Hutchinson, S. and Vidyasagar, M.},
  isbn={9780471649908},
  lccn={2005054227},
  year={2005},
  publisher={Wiley}
}

@article{serial,
	title = {serial: The Serial Interface Package},
	author = {Seilmayer, Martin},
	year = {2020},
	date = {2020},
	url = {https://CRAN.R-project.org/package=serial}
}
